@booklet{battleship,
    author          = "McCorry, Patrick and Buckland, Chris and Bakshi, Surya and Wust, Karl and Miller, Andrew ",
    title           = "{You sank my battleship! A case study to evaluate state channels as a scaling solution for cryptocurrencies}",
    year            = "2018",
    month           = "Oct",
    howpublished    = "\url{https://nms.kcl.ac.uk/patrick.mccorry/battleship.pdf}",
}

@booklet{nakamoto,
    author          = "Satoshi Nakamoto",
    title           = "{Bitcoin: A Peer-to-peer Electronic Cash System.}",
    year            = "2008",
    month           = "Oct",
    howpublished    = "\url{https://bitcoin.org/bitcoin.pdf}",
}

@booklet{lightning,
    author          = "Joseph Poon and Tadge Dryja",
    title           = "{Lightning Network}",
    year            = "2015",
    month           = "Mar",
    howpublished    = "\url{https://lightning.network/lightning-network-paper.pdf}",
}

@booklet{nipopows,
    author          = "Kiayias Aggelos and Miller, Andrew and Zindros, Dionysis",
    title           = "{Non-Interactive Proofs of Proof-of-Work}",
    year            = "2018",
    month           = "May",
    howpublished    = "\url{https://eprint.iacr.org/2017/963.pdf}",
}

@booklet{smartcontracts,
    author          = "Nick Szabo",
    title           = "{Formalizing and Securing Relationships on Public Networks}",
    year            = "1997",
    month           = "Sep",
    howpublished    = "\url{http://szabo.best.vwh.net/formalize.html}",
}

@booklet{ethereumyellow,
    author          = "Gavin Wood",
    title           = "{ETHEREUM: A SECURE DECENTRALISED GENERALISED TRANSACTION LEDGER}",
    year            = "2015",
    month           = "Feb",
    howpublished    = "\url{http://gavwood.com/paper.pdf}",
}

@misc{cryptokitties,
    title   = "CryptoKitties",
    howpublished = "\url{https://www.cryptokitties.co/}",
}

@misc{xuanji_split_merge,
    title={One proposal for Plasma Cash with coin splitting and merging},
    howpublished={\url{https://ethresear.ch/t/one-proposal-for-plasma-cash-with-coin-splitting-and-merging/1447}},
}

@misc{dan_split_merge,
    title={Dan Robinson on Splitting and Merging in Plasma Cash discussion},
    howpublished={\url{https://ethresear.ch/t/plasma-cash-plasma-with-much-less-per-user-data-checking/1298/53}},
}

@misc{plasma_debit,
    title={Plasma Debit: Arbitrary-denomination payments in Plasma Cash},
    howpublished={\url{https://ethresear.ch/t/plasma-debit-arbitrary-denomination-payments-in-plasma-cash/2198}},
}

@misc{plasma_xt,
    title={Plasma XT: Plasma Cash with much less per-user data checking },
    howpublished={\url{https://ethresear.ch/t/plasma-xt-plasma-cash-with-much-less-per-user-data-checking/1926/}},
}

@misc{smt_compact_proofs,
    title={Plasma Cash with Sparse Merkle Trees, Bloom filters, and
           Probabilistic Transfers },
    howpublished={\url{https://ethresear.ch/t/plasma-cash-with-sparse-merkle-trees-bloom-filters-and-probabilistic-transfers/2006}},
}

@misc{plasma_cash_simple_spec,
    title={Plasma Cash Simple Spec},
    howpublished={\url{https://karl.tech/plasma-cash-simple-spec/}},
}

@misc{smt,
    title       = "{What’s a Sparse Merkle Tree?}",
    howpublished = "\url{https://medium.com/@kelvinfichter/whats-a-sparse-merkle-tree-acda70aeb837}",
}

@misc{optimistic,
    author      = "{Buterin, Vitalik}",
    title       = "{Optimistic cheap multi-exit for Plasma (Cash or MVP)}",
    howpublished = "\url{https://ethresear.ch/t/optimistic-cheap-multi-exit-for-plasma-cash-or-mvp/1893}",
}

@misc{rsa_accum,
    author      = "{Buterin, Vitalik}",
    title       = "{RSA Accumulators for Plasma Cash history reduction}",
    howpublished = "\url{https://ethresear.ch/t/rsa-accumulators-for-plasma-cash-history-reduction/3739/}",
}


@misc{limbo_exit,
    author      = "{Li, Xuanji}",
    title       = "{Limbo Exits and Challenging Fraudulent Exits}",
    howpublished = "\url{https://ethresear.ch/t/limbo-exits-and-challenging-fraudulent-exits/2015}",
}

@misc{ethereumwhite,
    author  = "Ethereum",
    title       = "{Ethereum}",
    howpublished = "\url{https://ethereum.org}",
}

@misc{plasma,
    author  = "Poon, Joseph and Buterin, Vitalik",
    title       = "{Plasma:  Scalable Autonomous Smart Contracts}",
    howpublished = "\url{https://plasma.io/}",
}

@misc{fast_withdrawals,
    author  = "Fichter, Kelvin",
    title       = "{Simple Fast Withdrawals}",
    howpublished = "\url{https://ethresear.ch/t/simple-fast-withdrawals/2128/1}",
}

@misc{more_vp,
    author  = "Fichter, Kelvin",
    title       = "{More Viable Plasma}",
    howpublished = "\url{https://ethresear.ch/t/more-viable-plasma/2160}",
}


@misc{plasma_mvp,
    author  = "Buterin, Vitalik",
    title       = "{Minimal Viable Plasma}",
    howpublished = "\url{https://ethresear.ch/t/minimal-viable-plasma/426}",
}


@misc{plasma_cash,
    author  = "Buterin, Vitalik",
    title       = "{Plasma Cash: Plasma with much less per-user data checking}",
    howpublished = "\url{https://ethresear.ch/t/plasma-cash-plasma-with-much-less-per-user-data-checking/1298}",
}

@misc{implementers_call,
    title       = "{Plasma Implementers Call}",
    howpublished = "\url{https://www.youtube.com/channel/UCG2MeKuKDJRK4gFNk-dQuZQ}",
}

@article{sparse_merkle_trees,
    title={Efficient Sparse Merkle Trees - Caching Strategies and Secure (Non-)Membership Proofs},
    author={Rasmus Dahlberg and Tobias Pulls and Roel Peeters},
    journal={IACR Cryptology ePrint Archive},
    year={2016},
    volume={2016},
    pages={683}
}

@misc{counterfactual,
    author  = {Coleman, Jeff and Horne, Liam and Xuanji, Li},
    title       = {Counterfactual: Generalized State channels},
    howpublished = {\url{https://l4.ventures/papers/statechannels.pdf}},
}

@misc{liquidity,
    author = {Khalil, Rami and Gervais, Arthur},
    title  = {NOCUST - A Non-Custodial 2nd-Layer Financial Intermediary},
    howpublished = {\url{https://eprint.iacr.org/2018/642.pdf}}
}

@misc{raiden,
    author  = "Raiden",
    title       = "{Raiden Network}",
    howpublished = "\url{https://raiden.network/}",
}


@booklet{truebit,
    author          = "Jason Teutsch and Christian Reitwiessner",
    title           = "{A scalable verification solution for blockchains}",
    year            = "2017",
    month           = "Mar",
    howpublished    = "\url{https://people.cs.uchicago.edu/~teutsch/papers/truebit.pdf}",
}

@misc{ethsharding,
    author  = "Vitalik Buterin",
    title       = "{Ethereum Sharding FAQ}",
    howpublished = "\url{https://github.com/ethereum/wiki/wiki/Sharding-FAQ}",
}

@booklet{sidechains,
    author          = "Adam Back and Matt Corallo and Luke Dashjr and Mark
    Friedenbach and Gregory Maxwell and Andrew Miller and Andrew
    Poelstra and Jorge Timón and Pieter Wuille",
    title           = "{Enabling Blockchain Innovations with Pegged Sidechains}",
    year            = "2014",
    month           = "Oct",
    howpublished    = "\url{https://blockstream.com/sidechains.pdf}",
}

@misc{drivechains,
    author  = "Paul Sztorc",
    title       = "{Drivechain - The Simple Two Way Peg}",
    howpublished = "\url{http://www.truthcoin.info/blog/drivechain/}",
}

@misc{treechains,
    author  = "Peter Todd",
    title       = "{Tree Chains}",
    howpublished = "\url{https://github.com/petertodd/tree-chains-paper}",
}

@booklet{snarks,
    author          = "Eli Ben-Sasson and Alessandro Chiesa and Eran Tromer and Mardas Virza",
    title           = "{Succinct Non-Interactive Zero Knowledge for a von Neumann Architecture}",
    year            = "2015",
    month           = "May",
    howpublished    = "\url{https://eprint.iacr.org/2013/879.pdf}",
}

@booklet{cosmos,
    author          = "Jae Kwon",
    title           = "{Cosmos: A Network of Distributed Ledgers}",
    year            = "2016",
    month           = "Sep",
    howpublished    = "\url{https://github.com/cosmos/cosmos/blob/master/WHITEPAPER.md}",
}

@booklet{polkadot,
    author          = "Gavin Wood",
    title           = "{POLKADOT: VISION FOR A HETEROGENEOUS MULTI-CHAIN FRAMEWORK}",
    year            = "2016",
    month           = "Nov",
    howpublished    = "\url{https://github.com/w3f/polkadot-white-paper/raw/master/PolkaDotPaper.pdf}",
}
